% Encoding: UTF-8

@Misc{rfc2822,
  author    = {Resnick, P. and others},
  title     = {RFC 2822: Internet Message Format},
  doi       = {10.17487/RFC2822},
  url       = {https://www.rfc-editor.org/info/rfc2822},
  urldate   = {2020-06-09},
  publisher = {DDN Network Information Center, SRI Internat.},
  year      = {2001},
}

@Misc{rfc822,
  author    = {Crocker, David H and others},
  title     = {Standard for the format of ARPA Internet text messages},
  doi       = {10.17487/RFC0822},
  url       = {https://www.rfc-editor.org/info/rfc822},
  urldate   = {2020-06-09},
  publisher = {DDN Network Information Center, SRI Internat.},
  year      = {1982},
}

@WWW{dnetQR,
  date     = {2020-06-15},
  title    = {Regular Expression Language - Quick Reference},
  url      = {https://docs.microsoft.com/en-us/dotnet/standard/base-types/regular-expression-language-quick-reference},
  addendum = {.NET},
  language = {en},
}

@WWW{wiki,
  date  = {2020-06-15},
  title = {Regular expression},
  url   = {https://en.wikipedia.org/wiki/Regular_expression},
}

@WWW{wikiPCRE,
  date  = {2020-06-15},
  title = {Perl Compatible Regular Expressions},
  url   = {https://en.wikipedia.org/wiki/Perl_Compatible_Regular_Expressions},
}

@WWW{pcre2syntax,
  date  = {2020-06-15},
  title = {pcre2syntax man page},
  url   = {https://www.pcre.org/current/doc/html/pcre2syntax.html},
}

@WWW{ecmaReplace,
  date     = {2020-06-16},
  title    = {Runtime Semantics: GetSubstitution},
  url      = {https://tc39.es/ecma262/#sec-getsubstitution},
  addendum = {ECMA},
}

@WWW{ecmaREGEX,
  date     = {2020-06-16},
  title    = {RegExp (Regular Expression) Objects},
  url      = {https://tc39.es/ecma262/#sec-regexp-regular-expression-objects},
  addendum = {ECMA},
}

@WWW{java11Pattern,
  date     = {2020-06-16},
  title    = {Class Pattern},
  url      = {https://docs.oracle.com/en/java/javase/11/docs/api/java.base/java/util/regex/Pattern.html},
  addendum = {Java 11},
}

@WWW{java11Replacement,
  date     = {2020-06-16},
  title    = {Matcher.appendReplacement},
  url      = {https://docs.oracle.com/en/java/javase/11/docs/api/java.base/java/util/regex/Matcher.html#appendReplacement(java.lang.StringBuilder,java.lang.String)},
  addendum = {Java 11},
}

@WWW{IDEA200402,
  date    = {2018-10-17},
  title   = {IDEA-200402: Regex documentation is incorrect.},
  url     = {https://youtrack.jetbrains.com/issue/IDEA-200402#focus=streamItem-27-3365527.0-0},
  urldate = {2020-06-16},
}

@WWW{mdnRegExp,
  date  = {2020-06-16},
  title = {Regular expressions},
  url   = {https://developer.mozilla.org/en-US/docs/Web/JavaScript/Guide/Regular_Expressions},
}

@WWW{CIUnamedGroups,
  date     = {2020-06-16},
  title    = {JavaScript built-in: RegExp: Named capture groups},
  url      = {https://caniuse.com/#feat=mdn-javascript_builtins_regexp_named_capture_groups},
  addendum = {JS},
}

@WWW{dnetSub,
  date     = {2020-06-16},
  title    = {Substitutions in Regular Expressions},
  url      = {https://docs.microsoft.com/en-us/dotnet/standard/base-types/substitutions-in-regular-expressions},
  addendum = {.NET},
}

@WWW{PoShREGEXP,
  title    = {About Regular Expressions},
  url      = {https://docs.microsoft.com/en-us/powershell/module/microsoft.powershell.core/about/about_regular_expressions?view=powershell-7},
  addendum = {PowerShell},
}

@WWW{,
  title = {regular expressions 101},
  url   = {https://regex101.com/},
}

@WWW{comicHowToRegex,
  author = {Garbatokid},
  title  = {How To Regex (Comic)},
  url    = {https://twitter.com/garabatokid/status/1147063121678389253},
}

@Comment{jabref-meta: databaseType:biblatex;}
